[gd_scene load_steps=17 format=3 uid="uid://bh4ix7ylunuka"]

[ext_resource type="Texture2D" uid="uid://bb3bch5nm8evj" path="res://arts/ui/audioknobs/audioknobs-all.png" id="1_ivcgn"]
[ext_resource type="Texture2D" uid="uid://btx71iu1jhllp" path="res://arts/ui/DAW_NavBar_GotoStart_Normal.png" id="1_wp8a3"]
[ext_resource type="Texture2D" uid="uid://dadfmk00ahjhe" path="res://arts/ui/DAW_NavBar_GotoStart_Pressed.png" id="2_5tf4p"]
[ext_resource type="Texture2D" uid="uid://cp15ys3rr5v1u" path="res://arts/ui/DAW_NavBar_GotoStart_Hover.png" id="3_cfsvk"]
[ext_resource type="Texture2D" uid="uid://jgc5p0sbycvy" path="res://arts/ui/DAW_NavBar_GotoStart_Disabled.png" id="4_wih6l"]
[ext_resource type="Texture2D" uid="uid://cww0libsaq4de" path="res://arts/ui/DAW_NavBar_GotoEnd_Normal.png" id="5_18oyo"]
[ext_resource type="Texture2D" uid="uid://doxk6bpjn03ad" path="res://arts/ui/DAW_NavBar_GotoEnd_Pressed.png" id="6_lxssi"]
[ext_resource type="Texture2D" uid="uid://bb8rs1trfrri8" path="res://arts/ui/DAW_NavBar_GotoEnd_Hover.png" id="7_lvp0q"]

[sub_resource type="AtlasTexture" id="AtlasTexture_4ikl7"]
atlas = ExtResource("1_ivcgn")
region = Rect2(291, 322, 29, 23)

[sub_resource type="AtlasTexture" id="AtlasTexture_170ho"]
atlas = ExtResource("1_ivcgn")
region = Rect2(186, 322, 29, 23)

[sub_resource type="AtlasTexture" id="AtlasTexture_fg0l0"]
atlas = ExtResource("1_ivcgn")
region = Rect2(186, 352, 29, 23)

[sub_resource type="AtlasTexture" id="AtlasTexture_s5r0c"]
atlas = ExtResource("1_ivcgn")
region = Rect2(151, 322, 29, 23)

[sub_resource type="AtlasTexture" id="AtlasTexture_6dv4e"]
atlas = ExtResource("1_ivcgn")
region = Rect2(326, 322, 29, 23)

[sub_resource type="StyleBoxEmpty" id="StyleBoxEmpty_df462"]

[sub_resource type="AtlasTexture" id="AtlasTexture_uih3a"]
atlas = ExtResource("1_ivcgn")
region = Rect2(408, 336, 7, 3)

[sub_resource type="AtlasTexture" id="AtlasTexture_haiml"]
atlas = ExtResource("1_ivcgn")
region = Rect2(167, 276, 26, 27)

[node name="DAW_Transport_Bar" type="Control"]
layout_mode = 3
anchors_preset = 15
anchor_right = 1.0
anchor_bottom = 1.0
grow_horizontal = 2
grow_vertical = 2

[node name="VBoxContainer" type="VBoxContainer" parent="."]
layout_mode = 1
anchors_preset = 7
anchor_left = 0.5
anchor_top = 1.0
anchor_right = 0.5
anchor_bottom = 1.0
offset_left = -276.0
offset_top = -79.0
offset_right = 276.0
grow_horizontal = 2
grow_vertical = 0

[node name="HBoxContainer" type="HBoxContainer" parent="VBoxContainer"]
layout_mode = 2
theme_override_constants/separation = 0

[node name="GoToStart" type="TextureButton" parent="VBoxContainer/HBoxContainer"]
layout_mode = 2
size_flags_horizontal = 4
size_flags_vertical = 4
tooltip_text = "Go to Start (Home)"
texture_normal = ExtResource("1_wp8a3")
texture_pressed = ExtResource("2_5tf4p")
texture_hover = ExtResource("3_cfsvk")
texture_disabled = ExtResource("4_wih6l")

[node name="GoToEnd" type="TextureButton" parent="VBoxContainer/HBoxContainer"]
layout_mode = 2
size_flags_horizontal = 4
size_flags_vertical = 4
tooltip_text = "Go to End (End)"
texture_normal = ExtResource("5_18oyo")
texture_pressed = ExtResource("6_lxssi")
texture_hover = ExtResource("7_lvp0q")

[node name="Record" type="TextureButton" parent="VBoxContainer/HBoxContainer"]
layout_mode = 2
size_flags_horizontal = 4
size_flags_vertical = 4
texture_normal = SubResource("AtlasTexture_4ikl7")

[node name="Play" type="TextureButton" parent="VBoxContainer/HBoxContainer"]
layout_mode = 2
size_flags_horizontal = 4
size_flags_vertical = 4
texture_normal = SubResource("AtlasTexture_170ho")

[node name="ToggleRepeat" type="TextureButton" parent="VBoxContainer/HBoxContainer"]
layout_mode = 2
size_flags_horizontal = 4
size_flags_vertical = 4
texture_normal = SubResource("AtlasTexture_fg0l0")

[node name="Stop" type="TextureButton" parent="VBoxContainer/HBoxContainer"]
layout_mode = 2
size_flags_horizontal = 4
size_flags_vertical = 4
texture_normal = SubResource("AtlasTexture_s5r0c")

[node name="Pause" type="TextureButton" parent="VBoxContainer/HBoxContainer"]
layout_mode = 2
size_flags_horizontal = 4
size_flags_vertical = 4
texture_normal = SubResource("AtlasTexture_6dv4e")

[node name="PlayCursorPosition" type="Label" parent="VBoxContainer/HBoxContainer"]
layout_mode = 2
text = "00:00:00:00"

[node name="VSeparator" type="VSeparator" parent="VBoxContainer/HBoxContainer"]
layout_mode = 2
size_flags_horizontal = 6
size_flags_vertical = 4
theme_override_styles/separator = SubResource("StyleBoxEmpty_df462")

[node name="Status" type="Label" parent="VBoxContainer/HBoxContainer"]
layout_mode = 2
text = "[Stopped]"

[node name="HBoxContainer2" type="HBoxContainer" parent="VBoxContainer"]
layout_mode = 2

[node name="PanelSelection" type="PanelContainer" parent="VBoxContainer/HBoxContainer2"]
layout_mode = 2

[node name="HBoxContainer" type="HBoxContainer" parent="VBoxContainer/HBoxContainer2/PanelSelection"]
layout_mode = 2

[node name="SelectionText" type="Label" parent="VBoxContainer/HBoxContainer2/PanelSelection/HBoxContainer"]
layout_mode = 2
text = "Selection"

[node name="SelectionTextStart" type="Label" parent="VBoxContainer/HBoxContainer2/PanelSelection/HBoxContainer"]
layout_mode = 2
text = "00:00:00:00"

[node name="SelectionTextEnd" type="Label" parent="VBoxContainer/HBoxContainer2/PanelSelection/HBoxContainer"]
layout_mode = 2
text = "00:00:00:00"

[node name="SelectionTextSize" type="Label" parent="VBoxContainer/HBoxContainer2/PanelSelection/HBoxContainer"]
layout_mode = 2
text = "00:00:00:00"

[node name="PanelTimeSignature" type="PanelContainer" parent="VBoxContainer/HBoxContainer2"]
layout_mode = 2

[node name="TimeSignatureText" type="Label" parent="VBoxContainer/HBoxContainer2/PanelTimeSignature"]
layout_mode = 2
text = "4/4"

[node name="PanelTempo" type="PanelContainer" parent="VBoxContainer/HBoxContainer2"]
layout_mode = 2

[node name="VBoxContainer" type="VBoxContainer" parent="VBoxContainer/HBoxContainer2/PanelTempo"]
layout_mode = 2

[node name="BPMText" type="Label" parent="VBoxContainer/HBoxContainer2/PanelTempo/VBoxContainer"]
layout_mode = 2
text = "BPM"
horizontal_alignment = 1

[node name="BPMTextValue" type="Label" parent="VBoxContainer/HBoxContainer2/PanelTempo/VBoxContainer"]
layout_mode = 2
text = "120"
horizontal_alignment = 1

[node name="PanelAutomationOverwrite" type="PanelContainer" parent="VBoxContainer/HBoxContainer2"]
layout_mode = 2

[node name="VBoxContainer" type="VBoxContainer" parent="VBoxContainer/HBoxContainer2/PanelAutomationOverwrite"]
layout_mode = 2
size_flags_horizontal = 4
size_flags_vertical = 4

[node name="HBoxContainer" type="HBoxContainer" parent="VBoxContainer/HBoxContainer2/PanelAutomationOverwrite/VBoxContainer"]
layout_mode = 2

[node name="TextureRect" type="TextureRect" parent="VBoxContainer/HBoxContainer2/PanelAutomationOverwrite/VBoxContainer/HBoxContainer"]
layout_mode = 2
size_flags_horizontal = 3
texture = SubResource("AtlasTexture_uih3a")

[node name="Label" type="Label" parent="VBoxContainer/HBoxContainer2/PanelAutomationOverwrite/VBoxContainer/HBoxContainer"]
layout_mode = 2
text = "Global
"

[node name="CheckButton" type="CheckButton" parent="VBoxContainer/HBoxContainer2/PanelAutomationOverwrite/VBoxContainer"]
layout_mode = 2
size_flags_vertical = 4

[node name="PlayRate" type="TextureButton" parent="VBoxContainer/HBoxContainer2"]
layout_mode = 2
size_flags_horizontal = 4
size_flags_vertical = 4
texture_normal = SubResource("AtlasTexture_haiml")

[node name="VBoxContainer" type="VBoxContainer" parent="VBoxContainer/HBoxContainer2"]
layout_mode = 2

[node name="RateText" type="Label" parent="VBoxContainer/HBoxContainer2/VBoxContainer"]
layout_mode = 2
text = "Rate:"
horizontal_alignment = 1

[node name="RateTextValue" type="Label" parent="VBoxContainer/HBoxContainer2/VBoxContainer"]
layout_mode = 2
text = "1.0"
horizontal_alignment = 1
