[gd_scene load_steps=10 format=3 uid="uid://b2glwun331m28"]

[ext_resource type="Texture2D" uid="uid://byot8y3osvri4" path="res://arts/ui/GUI.png" id="1_2trpl"]
[ext_resource type="FontFile" uid="uid://bptg3t8117dco" path="res://arts/ui/Font/MinimalPixelFont.ttf" id="2_bm3bv"]

[sub_resource type="AtlasTexture" id="AtlasTexture_kfiw3"]
atlas = ExtResource("1_2trpl")
region = Rect2(122, 48, 38, 12)

[sub_resource type="AtlasTexture" id="AtlasTexture_mxj8l"]
atlas = ExtResource("1_2trpl")
region = Rect2(135, 4, 45, 7)

[sub_resource type="AtlasTexture" id="AtlasTexture_rrdqi"]
atlas = ExtResource("1_2trpl")
region = Rect2(136, 21, 51, 6)

[sub_resource type="AtlasTexture" id="AtlasTexture_qwhat"]
atlas = ExtResource("1_2trpl")
region = Rect2(96, 32, 32, 32)

[sub_resource type="AtlasTexture" id="AtlasTexture_keghl"]
atlas = ExtResource("1_2trpl")
region = Rect2(72, 22, 49, 3)

[sub_resource type="AtlasTexture" id="AtlasTexture_ndiy5"]
atlas = ExtResource("1_2trpl")
region = Rect2(72, 6, 42, 3)

[sub_resource type="AtlasTexture" id="AtlasTexture_f6vcj"]
atlas = ExtResource("1_2trpl")
region = Rect2(176, 129, 16, 3)

[node name="PlayerInfo" type="Control"]
layout_mode = 3
anchors_preset = 0

[node name="MoneyBox" type="NinePatchRect" parent="."]
offset_left = 29.0
offset_top = 16.0
offset_right = 45.0
offset_bottom = 28.0
texture = SubResource("AtlasTexture_kfiw3")
region_rect = Rect2(0, 0, 38, 12)
patch_margin_left = 7
patch_margin_top = 3
patch_margin_right = 3
patch_margin_bottom = 3

[node name="MoneyLabel" type="Label" parent="."]
offset_left = 38.0
offset_top = 15.0
offset_right = 90.0
offset_bottom = 26.0
theme_override_fonts/font = ExtResource("2_bm3bv")
theme_override_font_sizes/font_size = 16
text = "0"

[node name="Life" type="NinePatchRect" parent="."]
offset_left = 29.0
offset_top = 4.0
offset_right = 67.0
offset_bottom = 11.0
texture = SubResource("AtlasTexture_mxj8l")
region_rect = Rect2(1, 0, 44, 7)
patch_margin_left = 1
patch_margin_top = 3
patch_margin_right = 4
patch_margin_bottom = 3

[node name="Mana" type="NinePatchRect" parent="."]
offset_left = 29.0
offset_top = 11.0
offset_right = 62.0
offset_bottom = 17.0
texture = SubResource("AtlasTexture_rrdqi")
region_rect = Rect2(0, 0, 51, 6)
patch_margin_left = 1
patch_margin_top = 2
patch_margin_right = 4
patch_margin_bottom = 3

[node name="NinePatchRect" type="NinePatchRect" parent="."]
offset_left = 5.0
offset_top = 4.0
offset_right = 29.0
offset_bottom = 28.0
texture = SubResource("AtlasTexture_qwhat")
region_rect = Rect2(0, 4, 26, 24)
patch_margin_left = 3
patch_margin_top = 3
patch_margin_right = 3
patch_margin_bottom = 3

[node name="BarRed" type="NinePatchRect" parent="."]
offset_left = 29.0
offset_top = 6.0
offset_right = 32.0
offset_bottom = 9.0
texture = SubResource("AtlasTexture_keghl")
patch_margin_left = 1
patch_margin_top = 1
patch_margin_right = 2
patch_margin_bottom = 1

[node name="BarBlue" type="NinePatchRect" parent="."]
offset_left = 29.0
offset_top = 12.0
offset_right = 44.0
offset_bottom = 15.0
texture = SubResource("AtlasTexture_ndiy5")
patch_margin_left = 1
patch_margin_top = 1
patch_margin_right = 2
patch_margin_bottom = 1

[node name="VBoxContainer" type="VBoxContainer" parent="."]
visible = false
layout_mode = 0
offset_right = 40.0
offset_bottom = 40.0

[node name="Label" type="Label" parent="VBoxContainer"]
layout_mode = 2
text = "username"

[node name="TextureProgressBar" type="TextureProgressBar" parent="VBoxContainer"]
layout_mode = 2

[node name="TextureProgressBar2" type="TextureProgressBar" parent="VBoxContainer"]
layout_mode = 2
size_flags_horizontal = 4
size_flags_vertical = 6
texture_under = SubResource("AtlasTexture_f6vcj")
